<record><leader>00000cas a22000007a 4500</leader><controlfield tag="001">23167565</controlfield><controlfield tag="008">910228d18841919mnuwr ne      0    0eng d</controlfield><datafield ind1=" " ind2=" " tag="010"><subfield code="a">sn 91059003 </subfield></datafield><datafield ind1=" " ind2=" " tag="040"><subfield code="a">MN#</subfield><subfield code="b">eng</subfield><subfield code="c">MN#</subfield><subfield code="d">OCLCQ</subfield><subfield code="d">OCLCF</subfield><subfield code="d">OCLCO</subfield></datafield><datafield ind1="1" ind2=" " tag="029"><subfield code="a">AU@</subfield><subfield code="b">000025884667</subfield></datafield><datafield ind1=" " ind2=" " tag="042"><subfield code="a">msc</subfield></datafield><datafield ind1=" " ind2=" " tag="043"><subfield code="a">n-us-mn</subfield></datafield><datafield ind1=" " ind2=" " tag="052"><subfield code="a">4144</subfield><subfield code="b">S56</subfield></datafield><datafield ind1=" " ind2=" " tag="052"><subfield code="a">4143</subfield><subfield code="b">S3</subfield></datafield><datafield ind1="0" ind2=" " tag="130"><subfield code="a">Scott County Argus (Shakopee, Minn. : 1884)</subfield></datafield><datafield ind1="1" ind2="0" tag="245"><subfield code="a">Scott County Argus.</subfield></datafield><datafield ind1="1" ind2="3" tag="246"><subfield code="a">Weekly Argus</subfield></datafield><datafield ind1=" " ind2=" " tag="260"><subfield code="a">Shakopee, Minn. :</subfield><subfield code="b">George Hinds,</subfield><subfield code="c">1884-1919.</subfield></datafield><datafield ind1=" " ind2=" " tag="300"><subfield code="a">38 v.</subfield></datafield><datafield ind1=" " ind2=" " tag="310"><subfield code="a">Weekly</subfield></datafield><datafield ind1="0" ind2=" " tag="362"><subfield code="a">Vol. 23, no. 36 (Sept. 18, 1884)-v. 60, no. 4 (Dec. 26, 1919).</subfield></datafield><datafield ind1=" " ind2=" " tag="530"><subfield code="a">Available on microfilm from the Minnesota Historical Society.</subfield></datafield><datafield ind1=" " ind2="0" tag="651"><subfield code="a">Scott County (Minn.)</subfield><subfield code="v">Newspapers.</subfield></datafield><datafield ind1=" " ind2="7" tag="655"><subfield code="a">Newspapers.</subfield><subfield code="2">fast</subfield><subfield code="0">(OCoLC)fst01423814</subfield></datafield><datafield ind1=" " ind2="7" tag="651"><subfield code="a">Minnesota</subfield><subfield code="z">Scott County.</subfield><subfield code="2">fast</subfield><subfield code="0">(OCoLC)fst01212627</subfield></datafield><datafield ind1=" " ind2=" " tag="752"><subfield code="a">United States</subfield><subfield code="b">Minnesota</subfield><subfield code="c">Scott</subfield><subfield code="d">Shakopee.</subfield></datafield><datafield ind1="0" ind2="4" tag="780"><subfield code="t">Shakopee Argus (Shakopee, Minn. : 1870)</subfield><subfield code="w">(DLC)sn 91059006</subfield></datafield><datafield ind1="0" ind2="4" tag="780"><subfield code="t">Jordan advocate</subfield><subfield code="w">(DLC)sn 90057681</subfield></datafield><datafield ind1="0" ind2="0" tag="785"><subfield code="t">Shakopee Argus (Shakopee, Minn. : 1920)</subfield><subfield code="w">(DLC)sn 91059004</subfield></datafield></record>